@misc{menger,
    title = "Menger's theorem",
    howpublished = "\url{https://en.wikipedia.org/wiki/Menger%27s_theorem}"
}

@misc{team,
    title = "Team",
    note = "Akhil Konda, Shyam Pandya, Mausam Agrawal, Akhil Ravipati"
}

@article{kddmain,
    title = {The directed subgraph homeomorphism problem},
    journal = {Theoretical Computer Science},
    volume = {10},
    number = {2},
    pages = {111-121},
    year = {1980},
    issn = {0304-3975},
    doi = {https://doi.org/10.1016/0304-3975(80)90009-2},
    url = {https://www.sciencedirect.com/science/article/pii/0304397580900092},
    author = {Steven Fortune and John Hopcroft and James Wyllie},
    abstract = {The set of pattern graphs for which the fixed directed subgraph homeomorphism problem is NP-complete is characterized. A polynomial time algorithm is given for the remaining cases. The restricted problem where the input graph is a directed acyclic graph is in polynomial time for all pattern graphs and an algorithm is given.}
}

@MISC {stackoverflowkdd,
    TITLE = {Understanding the NP-completeness of Induced disjoint paths},
    AUTHOR = {Yuval Filmus (https://cs.stackexchange.com/users/683/yuval-filmus)},
    HOWPUBLISHED = {Computer Science Stack Exchange},
    NOTE = {URL:https://cs.stackexchange.com/q/110024 (version: 2019-05-29)},
    EPRINT = {https://cs.stackexchange.com/q/110024},
    URL = {https://cs.stackexchange.com/q/110024}
}